<?xml version="1.0"?>
<marc:collection xmlns:marc="http://www.loc.gov/MARC21/slim" xmlns:xsi="http://www.w3.org/2001/XMLSchema-instance" xsi:schemaLocation="http://www.loc.gov/MARC21/slim http://www.loc.gov/standards/marcxml/schema/MARC21slim.xsd">
   <marc:record type="Bibliographic">
      <marc:leader>01964cam a2200397 a 4500</marc:leader>
      <marc:controlfield tag="001">1202444</marc:controlfield>
      <marc:controlfield tag="003">NjP</marc:controlfield>
      <marc:controlfield tag="005">20130425091247.0</marc:controlfield>
      <marc:controlfield tag="008">980120s1845    ua            000 0 ara d</marc:controlfield>
      <marc:datafield tag="024" ind1="7" ind2=" ">
         <marc:subfield code="a">princeton_aco000033</marc:subfield>
         <marc:subfield code="2">local</marc:subfield>
      </marc:datafield>
      <marc:datafield tag="035" ind1=" " ind2=" ">
         <marc:subfield code="a">(OCoLC)ocn177050274</marc:subfield>
      </marc:datafield>
      <marc:datafield tag="035" ind1=" " ind2=" ">
         <marc:subfield code="a">(OCoLC)177050274</marc:subfield>
      </marc:datafield>
      <marc:datafield tag="035" ind1=" " ind2=" ">
         <marc:subfield code="a">(CStRLIN)NJPG98-B3905</marc:subfield>
      </marc:datafield>
      <marc:datafield tag="035" ind1=" " ind2=" ">
         <marc:subfield code="9">CCV8386TS</marc:subfield>
      </marc:datafield>
      <marc:datafield tag="035" ind1=" " ind2=" ">
         <marc:subfield code="a">(NjP)1202444</marc:subfield>
      </marc:datafield>
      <marc:datafield tag="040" ind1=" " ind2=" ">
         <marc:subfield code="a">PUL</marc:subfield>
         <marc:subfield code="c">PUL</marc:subfield>
         <marc:subfield code="d">PUL</marc:subfield>
      </marc:datafield>
      <marc:datafield tag="049" ind1=" " ind2=" ">
         <marc:subfield code="a">PULL</marc:subfield>
      </marc:datafield>
      <marc:datafield tag="066" ind1=" " ind2=" ">
         <marc:subfield code="c">(3</marc:subfield>
      </marc:datafield>
      <marc:datafield tag="079" ind1=" " ind2=" ">
         <marc:subfield code="a">ocm39831249</marc:subfield>
      </marc:datafield>
      <marc:datafield tag="245" ind1="0" ind2="0">
         <marc:subfield code="6">880-01</marc:subfield>
         <marc:subfield code="a">[Majmu&#x304;&#x2BB;ah fi&#x304; al-s&#x323;arf].</marc:subfield>
      </marc:datafield>
      <marc:datafield tag="260" ind1=" " ind2=" ">
         <marc:subfield code="6">880-02</marc:subfield>
         <marc:subfield code="a">Bu&#x304;la&#x304;q, Mis&#x323;r :</marc:subfield>
         <marc:subfield code="b">Da&#x304;r al-T&#x323;iba&#x304;&#x2BB;ah al-Ba&#x304;hirah,</marc:subfield>
         <marc:subfield code="c">1261 [1845]</marc:subfield>
      </marc:datafield>
      <marc:datafield tag="300" ind1=" " ind2=" ">
         <marc:subfield code="a">1 v. (various pagings) ;</marc:subfield>
         <marc:subfield code="c">20 cm.</marc:subfield>
      </marc:datafield>
      <marc:datafield tag="505" ind1="0" ind2=" ">
         <marc:subfield code="6">880-03</marc:subfield>
         <marc:subfield code="a">[1.] Mara&#x304;h&#x323; al-arwa&#x304;h&#x323; / Ibn Mas&#x2BB;u&#x304;d -- [2.] Tas&#x323;ri&#x304;f al-&#x2BB;Izzi&#x304; / Zanja&#x304;ni&#x304; -- [3.] al-Maqs&#x323;u&#x304;d / Abu&#x304; H&#x323;ani&#x304;fah -- [4.] Bina&#x304;&#x2BC; al-Af&#x2BB;a&#x304;l -- [5.] al-Amthilah al-mukhtalifah -- [6.] Sharh&#x323; al-Amthilah.</marc:subfield>
      </marc:datafield>
      <marc:datafield tag="650" ind1=" " ind2="0">
         <marc:subfield code="a">Arabic language</marc:subfield>
         <marc:subfield code="x">Syntax</marc:subfield>
         <marc:subfield code="x">Early works to 1800.</marc:subfield>
      </marc:datafield>
      <marc:datafield tag="650" ind1=" " ind2="0">
         <marc:subfield code="a">Arabic language</marc:subfield>
         <marc:subfield code="x">Verb</marc:subfield>
         <marc:subfield code="x">Early works to 1800.</marc:subfield>
      </marc:datafield>
      <marc:datafield tag="700" ind1="1" ind2="2">
         <marc:subfield code="6">880-04</marc:subfield>
         <marc:subfield code="a">Ibn Mas&#x2BB;u&#x304;d, Ah&#x323;mad ibn &#x2BB;Ali&#x304;,</marc:subfield>
         <marc:subfield code="d">active 13th century.</marc:subfield>
         <marc:subfield code="t">Mara&#x304;h&#x323; al-arwa&#x304;h&#x323;.</marc:subfield>
      </marc:datafield>
      <marc:datafield tag="740" ind1="0" ind2=" ">
         <marc:subfield code="6">880-05</marc:subfield>
         <marc:subfield code="a">Mara&#x304;h&#x323; al-arwa&#x304;h&#x323;.</marc:subfield>
      </marc:datafield>
      <marc:datafield tag="880" ind1="0" ind2="0">
         <marc:subfield code="6">245-01/(3/r</marc:subfield>
         <marc:subfield code="a">[&#x645;&#x62C;&#x645;&#x648;&#x639;&#x629; &#x641;&#x64A; &#x627;&#x644;&#x635;&#x631;&#x641;].</marc:subfield>
      </marc:datafield>
      <marc:datafield tag="880" ind1=" " ind2=" ">
         <marc:subfield code="6">260-02/(3/r</marc:subfield>
         <marc:subfield code="a">&#x628;&#x648;&#x644;&#x627;&#x642;&#x60C; &#x645;&#x635;&#x631; :</marc:subfield>
         <marc:subfield code="b">&#x62F;&#x627;&#x631; &#x627;&#x644;&#x637;&#x628;&#x627;&#x639;&#x629; &#x627;&#x644;&#x628;&#x627;&#x647;&#x631;&#x629;&#x60C;</marc:subfield>
         <marc:subfield code="c">1261 [1845]</marc:subfield>
      </marc:datafield>
      <marc:datafield tag="880" ind1="0" ind2=" ">
         <marc:subfield code="6">505-03/(3/r</marc:subfield>
         <marc:subfield code="a">[1.] &#x645;&#x631;&#x627;&#x62D; &#x627;&#x644;&#x627;&#x631;&#x648;&#x627;&#x62D; / &#x627;&#x628;&#x646; &#x645;&#x633;&#x639;&#x648;&#x62F;  [2.] &#x62A;&#x635;&#x631;&#x64A;&#x641; &#x627;&#x644;&#x639;&#x632;&#x64A; / &#x632;&#x646;&#x62C;&#x627;&#x646;&#x64A;  [3.] &#x627;&#x644;&#x645;&#x642;&#x635;&#x648;&#x62F; / &#x627;&#x628;&#x648; &#x62D;&#x646;&#x64A;&#x641;&#x629;  [4.] &#x628;&#x646;&#x627;&#x621; &#x627;&#x644;&#x627;&#x641;&#x639;&#x627;&#x644;  [5.] &#x627;&#x644;&#x627;&#x645;&#x62B;&#x644;&#x629; &#x627;&#x644;&#x645;&#x62E;&#x62A;&#x644;&#x641;&#x629;  [6.] &#x634;&#x631;&#x62D; &#x627;&#x644;&#x627;&#x645;&#x62B;&#x644;&#x629;.</marc:subfield>
      </marc:datafield>
      <marc:datafield tag="880" ind1="1" ind2="2">
         <marc:subfield code="6">700-04/(3/r</marc:subfield>
         <marc:subfield code="a">&#x627;&#x628;&#x646; &#x645;&#x633;&#x639;&#x648;&#x62F;&#x60C; &#x627;&#x62D;&#x645;&#x62F; &#x628;&#x646; &#x639;&#x644;&#x64A;&#x60C;</marc:subfield>
         <marc:subfield code="d">active 13th century.</marc:subfield>
         <marc:subfield code="t">&#x645;&#x631;&#x627;&#x62D; &#x627;&#x644;&#x627;&#x631;&#x648;&#x627;&#x62D;.</marc:subfield>
      </marc:datafield>
      <marc:datafield tag="880" ind1="0" ind2=" ">
         <marc:subfield code="6">740-05/(3/r</marc:subfield>
         <marc:subfield code="a">&#x645;&#x631;&#x627;&#x62D; &#x627;&#x644;&#x627;&#x631;&#x648;&#x627;&#x62D;.</marc:subfield>
      </marc:datafield>
      <marc:datafield tag="852" ind1="0" ind2=" ">
         <marc:subfield code="b">nec</marc:subfield>
         <marc:subfield code="h">PJ6151</marc:subfield>
         <marc:subfield code="i">.M356 1845</marc:subfield>
         <marc:subfield code="p">1373503</marc:subfield>
         <marc:subfield code="x">reclassed from: 2260.61131 1845</marc:subfield>
      </marc:datafield>
      <marc:datafield tag="998" ind1=" " ind2=" ">
         <marc:subfield code="a">01/20/98</marc:subfield>
         <marc:subfield code="s">9114</marc:subfield>
         <marc:subfield code="n">NjP</marc:subfield>
         <marc:subfield code="d">01/20/98</marc:subfield>
         <marc:subfield code="c">KC</marc:subfield>
         <marc:subfield code="b">KC</marc:subfield>
         <marc:subfield code="i">980120</marc:subfield>
         <marc:subfield code="l">NJPG</marc:subfield>
      </marc:datafield>
      <marc:datafield tag="911" ind1=" " ind2=" ">
         <marc:subfield code="a">19980129</marc:subfield>
      </marc:datafield>
      <marc:datafield tag="912" ind1=" " ind2=" ">
         <marc:subfield code="a">19980120000000.0</marc:subfield>
      </marc:datafield>
      <marc:datafield tag="994" ind1=" " ind2=" ">
         <marc:subfield code="a">C0</marc:subfield>
         <marc:subfield code="b">PUL</marc:subfield>
      </marc:datafield>
      <marc:datafield tag="999" ind1=" " ind2=" ">
         <marc:subfield code="a">1202444</marc:subfield>
      </marc:datafield>
   </marc:record>
</marc:collection>
